<record><leader>00000cas a22000007a 4500</leader><controlfield tag="001">13201847</controlfield><controlfield tag="008">860226d19031941wvuwr ne      0    0eng d</controlfield><datafield ind1=" " ind2=" " tag="010"><subfield code="a">sn 86092288 </subfield></datafield><datafield ind1=" " ind2=" " tag="040"><subfield code="a">WVC</subfield><subfield code="b">eng</subfield><subfield code="c">WVC</subfield><subfield code="d">OCL</subfield><subfield code="d">OCLCQ</subfield></datafield><datafield ind1=" " ind2=" " tag="042"><subfield code="a">msc</subfield></datafield><datafield ind1="0" ind2="4" tag="245"><subfield code="a">The Cairo enterprise.</subfield></datafield><datafield ind1=" " ind2=" " tag="260"><subfield code="a">Cairo, W. Va. :</subfield><subfield code="b">Van A. Zevely</subfield></datafield><datafield ind1=" " ind2=" " tag="300"><subfield code="a">v.</subfield></datafield><datafield ind1=" " ind2=" " tag="310"><subfield code="a">Weekly</subfield></datafield><datafield ind1="1" ind2=" " tag="362"><subfield code="a">Began in 1903?</subfield><subfield code="z">Cf. W. Va. State Gazetteers.</subfield></datafield><datafield ind1="1" ind2=" " tag="362"><subfield code="a">Ceased in 1941?</subfield><subfield code="z">Cf. W. Va. Legislative Handbook.</subfield></datafield><datafield ind1=" " ind2=" " tag="500"><subfield code="a">Published in Harrisville by July 1936.</subfield></datafield><datafield ind1=" " ind2=" " tag="500"><subfield code="a">Publishers: Dana R. McGlothlin and Charles Smoot, 1903-1905; Dana R. McGlothlin, 1905-1910; Robert Morris, 1910-?; Cf. M.K. Lowther. Hist. of Ritchie Co.</subfield></datafield><datafield ind1=" " ind2=" " tag="588"><subfield code="a">Description based on: Seventh year, no. 26 (Jan. 13, 1911).</subfield></datafield><datafield ind1=" " ind2=" " tag="752"><subfield code="a">United States</subfield><subfield code="b">West Virginia</subfield><subfield code="c">Ritchie</subfield><subfield code="d">Cairo.</subfield></datafield></record>